
@misc{Notes,
    author = {Michael R. Vaughan-Lee},
    title = {The nilpotent {L}ie rings of order $p^k$ for $k \leq 7$},
    year = {2013},
    note = {See within this package under /lib/notes/p567.pdf}}
 
@manual{CdG10,
    AUTHOR = {Cical{\`o}, Serena and de Graaf, Willem A.},
    title  = {Liering},
    note = {A GAP 4 package},
    year = {2010}}

@article{MC8,
    AUTHOR = {Lee, Seungjai and Vaughan-Lee, Michael},
    TITLE = {The groups and nilpotent Lie rings of order $p^8$ and
             maximal class},
    YEAR = {2022},
    Journal = {To appear}}

@article {CGV12,
    AUTHOR = {Cical{\`o}, Serena and de Graaf, Willem A. and Vaughan-Lee,
              Michael R.},
     TITLE = {An effective version of the {L}azard correspondence},
   JOURNAL = {J. Algebra},
  FJOURNAL = {Journal of Algebra},
    VOLUME = {352},
      YEAR = {2012},
     PAGES = {430--450},
      ISSN = {0021-8693},
     CODEN = {JALGA4},
   MRCLASS = {17B30 (17B05 20D15)},
  MRNUMBER = {2862197},
MRREVIEWER = {Athanassios I. Papistas},
       DOI = {10.1016/j.jalgebra.2011.11.031},
       URL = {https://doi.org/10.1016/j.jalgebra.2011.11.031} }


@article {SVL12,
    AUTHOR = {du Sautoy, Marcus and Vaughan-Lee, Michael R.},
     TITLE = {Non-{PORC} behaviour of a class of descendant {$p$}-groups},
   JOURNAL = {J. Algebra},
  FJOURNAL = {Journal of Algebra},
    VOLUME = {361},
      YEAR = {2012},
     PAGES = {287--312},
      ISSN = {0021-8693},
     CODEN = {JALGA4},
   MRCLASS = {20D15 (11G20)},
  MRNUMBER = {2921623},
       DOI = {10.1016/j.jalgebra.2012.03.038},
       URL = {https://doi.org/10.1016/j.jalgebra.2012.03.038}, }

@article {HNV90,
    AUTHOR = {Havas, George and Newman, Mike F. and Vaughan-Lee, Michael R.},
     TITLE = {A nilpotent quotient algorithm for graded {L}ie rings},
      NOTE = {Computational group theory, Part 1},
   JOURNAL = {J. Symbolic Comput.},
  FJOURNAL = {Journal of Symbolic Computation},
    VOLUME = {9},
      YEAR = {1990},
    NUMBER = {5-6},
     PAGES = {653--664}}

@article{OVa02,
  author = {Eamonn A. O'Brien and Michael R. Vaughan-Lee},
  title  = {The 2-generator restricted {B}urnside group of exponent 7},
  journal = {Internat. J. Algebra Comput.},
  volume = {12},
  pages = {575--592},
  year   = 2002}

@article{NOV04,
  author = {Mike F. Newman and Eamonn A. O'Brien and Michael R. Vaughan-Lee},
  title  = {Groups and nilpotent {Lie} rings whose order is the sixth power of
            a prime},
  journal = {J. Alg.},
  volume = {278},
  pages = {383 -- 401},
  year   = 2003}

@article {OVL05,
    AUTHOR = {O'Brien, Eamonn A. and Vaughan-Lee, Michael R.},
     TITLE = {The groups with order {$p\sp 7$} for odd prime {$p$}},
   JOURNAL = {J. Algebra},
  FJOURNAL = {Journal of Algebra},
    VOLUME = {292},
      YEAR = {2005},
    NUMBER = {1},
     PAGES = {243--258},
      ISSN = {0021-8693},
     CODEN = {JALGA4},
   MRCLASS = {20D15 (17B30)},
  MRNUMBER = {MR2166803 (2006d:20038)},
MRREVIEWER = {Jeffrey M. Riedl} }

@book {Khu98,
    AUTHOR = {Khukhro, E. I.},
     TITLE = {{$p$}-automorphisms of finite {$p$}-groups},
    SERIES = {London Mathematical Society Lecture Note Series},
    VOLUME = {246},
 PUBLISHER = {Cambridge University Press, Cambridge},
      YEAR = {1998},
     PAGES = {xviii+204},
      ISBN = {0-521-59717-X},
   MRCLASS = {20D15 (17B40 20D45 20F40)},
  MRNUMBER = {1615819 (99d:20029)},
MRREVIEWER = {Andrea Caranti},
       DOI = {10.1017/CBO9780511526008},
       URL = {https://doi.org/10.1017/CBO9780511526008},
}


